@article{i40gov,
  author={{The European Commission}},
  title={Germany: Industrie 4.0},
  year={2017},
  publisher={The European Commission},
  url={https://ec.europa.eu/growth/tools-databases/dem/monitor/sites/default/files/DTM_Industrie%204.0.pdf},
}


@article{revolution,
  title={Industry 4.0},
  author={Lasi, Heiner and Fettke, Peter and Kemper, Hans-Georg and Feld, Thomas and Hoffmann, Michael},
  journal={Business \& information systems engineering},
  volume={6},
  number={4},
  pages={239--242},
  year={2014},
  publisher={Springer}
}

@inproceedings{design,
  title={Design principles for industrie 4.0 scenarios},
  author={Hermann, Mario and Pentek, Tobias and Otto, Boris},
  booktitle={2016 49th Hawaii international conference on system sciences (HICSS)},
  pages={3928--3937},
  year={2016},
  organization={IEEE}
}

@article{autoPy,
author = {Costa, Cesar and Mendes, Cleiton and Osaki, Raphael},
year = {2017},
month = {11},
pages = {},
title = {INDUSTRY 4.0 IN AUTOMATED PRODUCTION},
doi = {10.13140/RG.2.2.30849.15204}
}

@article{smartFac,
author = {Thoben, Klaus-Dieter and Wiesner, Stefan and Wuest, Thorsten},
year = {2017},
month = {01},
pages = {4-19},
title = {"Industrie 4.0" and Smart Manufacturing â€“ A Review of Research Issues and Application Examples},
volume = {11},
journal = {International Journal of Automation Technology},
doi = {10.20965/ijat.2017.p0004}
}

@article{cpsAdv,
  title={Automation meets CPS},
  author={Riedl, Matthias and Zipper, Holger and Meier, Marco and Diedrich, Christian},
  journal={IFAC Proceedings Volumes},
  volume={46},
  number={7},
  pages={216--221},
  year={2013},
  publisher={Elsevier}
}

@inproceedings{latency,
  title={Ultra-low latency cloud-fog computing for industrial Internet of Things},
  author={Shi, Chenhua and Ren, Zhiyuan and Yang, Kun and Chen, Chen and Zhang, Hailin and Xiao, Yao and Hou, Xiangwang},
  booktitle={2018 IEEE Wireless Communications and Networking Conference (WCNC)},
  pages={1--6},
  year={2018},
  organization={IEEE}
}

@article{bigData,
author = {Kusiak, A},
year = {2017},
month = {04},
pages = {23-25},
title = {Smart Manufacturing Must Embrace Big Data},
volume = {544},
journal = {Nature},
doi = {10.1038/544023a}
}

@article{fogDep,
  title={Cost-efficient deployment of fog computing systems at logistics centers in industry 4.0},
  author={Lin, Chun-Cheng and Yang, Jhih-Wun},
  journal={IEEE Transactions on Industrial Informatics},
  volume={14},
  number={10},
  pages={4603--4611},
  year={2018},
  publisher={IEEE}
}

@article{edgeDef,
  title={Edge computing: Vision and challenges},
  author={Shi, Weisong and Cao, Jie and Zhang, Quan and Li, Youhuizi and Xu, Lanyu},
  journal={IEEE Internet of Things Journal},
  volume={3},
  number={5},
  pages={637--646},
  year={2016},
  publisher={IEEE}
}

@article{chen2017smart,
  title={Smart factory of industry 4.0: Key technologies, application case, and challenges},
  author={Chen, Baotong and Wan, Jiafu and Shu, Lei and Li, Peng and Mukherjee, Mithun and Yin, Boxing},
  journal={IEEE Access},
  volume={6},
  pages={6505--6519},
  year={2017},
  publisher={IEEE}
}